@article{4548410,
  author  = {R. S. {Sangwan} and P. {Vercellone-Smith} and P. A. {Laplante}},
  journal = {IEEE Software},
  title   = {Structural Epochs in the Complexity of Software over Time},
  year    = {2008},
  volume  = {25},
  number  = {4},
  pages   = {66-73},
  doi     = {10.1109/MS.2008.96},
  url     = {https://ieeexplore.ieee.org/document/4548410}
}

@article{1702388,
  author  = {T. J. {McCabe}},
  journal = {IEEE Transactions on Software Engineering},
  title   = {A Complexity Measure},
  year    = {1976},
  volume  = {SE-2},
  number  = {4},
  pages   = {308-320},
  doi     = {10.1109/TSE.1976.233837},
  url     = {https://ieeexplore.ieee.org/document/1702388}
}

@article{4163026,
  author  = {R. C. {Martin}},
  journal = {IEEE Software},
  title   = {Professionalism and Test-Driven Development},
  year    = {2007},
  volume  = {24},
  number  = {3},
  pages   = {32-36},
  doi     = {10.1109/MS.2007.85},
  url     = {https://ieeexplore.ieee.org/document/4163026}
}

@article{1203056,
  author  = {C. A. R. {Hoare}},
  journal = {IEEE Annals of the History of Computing},
  title   = {Assertions: a personal perspective},
  year    = {2003},
  volume  = {25},
  number  = {2},
  pages   = {14-25},
  doi     = {10.1109/MAHC.2003.1203056}
}

  @article{562936,
  author  = {J. -. {Jazequel} and B. {Meyer}},
  journal = {Computer},
  title   = {Design by contract: the lessons of Ariane},
  year    = {1997},
  volume  = {30},
  number  = {1},
  pages   = {129-130},
  doi     = {10.1109/2.562936}
}

@misc{wheeler_2015,
  author        = {Wheeler, David},
  date-modified = {2020-12-23 10:17:29 +0100},
  lastchecked   = {2020-12-23},
  title         = {Secure Programming HOWTO},
  url           = {https://dwheeler.com/secure-programs/Secure-Programs-HOWTO/},
  year          = {2015},
  bdsk-url-1    = {https://dwheeler.com/secure-programs/Secure-Programs-HOWTO/validation-tools-regex.html}
}

@article{1451869,
  author  = {J. H. {Saltzer} and M. D. {Schroeder}},
  journal = {Proceedings of the IEEE},
  title   = {The protection of information in computer systems},
  year    = {1975},
  volume  = {63},
  number  = {9},
  pages   = {1278-1308},
  doi     = {10.1109/PROC.1975.9939}
}

@misc{microsoft,
  url       = {https://www.microsoft.com/en-us/securityengineering/sdl/practices},
  title     = {Microsoft Security Development Lifecycle Practices},
  publisher = {Microsoft},
  author    = {Microsoft}
} 

@misc{SAMM,
  author = {P. {Chandra}},
  title  = {Software Assurance Maturity Model},
  url    = {https://www.opensamm.org}
}

@misc{BSIMM,
  author = {BSIMM},
  title  = {Building Security In Maturity Model},
  url    = {https://www.bsimm.com}
}

@misc{OWASP,
  author = {OWASP},
  title  = {OWASP Top Ten},
  url    = {https://owasp.org/www-project-top-ten/}
}

@misc{bandit,
  author = {PyPI},
  title  = {Bandit},
  url    = {https://pypi.org/project/bandit/}
}

@misc{jserror,
  author = {MDN Web Docs},
  title  = {JavaScript error reference},
  url    = {https://developer.mozilla.org/en-US/docs/Web/JavaScript/Reference/Errors}
}

@misc{zhao2020winning,
  title         = {Winning Isn't Everything: Enhancing Game Development with Intelligent Agents},
  author        = {Yunqi Zhao and Igor Borovikov and Fernando de Mesentier Silva and Ahmad Beirami and Jason Rupert and Caedmon Somers and Jesse Harder and John Kolen and Jervis Pinto and Reza Pourabolghasem and James Pestrak and Harold Chaput and Mohsen Sardari and Long Lin and Sundeep Narravula and Navid Aghdaie and Kazi Zaman},
  year          = {2020},
  eprint        = {1903.10545},
  archiveprefix = {arXiv},
  primaryclass  = {cs.AI}
}


