%% This BibTeX bibliography file was created using BibDesk.
%% https://bibdesk.sourceforge.io/

%% Created for Arjun Muralidharan at 2020-12-23 10:17:29 +0100 


%% Saved with string encoding Unicode (UTF-8) 



@url{wheeler_2015,
	author = {Wheeler, David},
	date-modified = {2020-12-23 10:17:29 +0100},
	lastchecked = {2020-12-23},
	title = {Secure {P}rogramming {HOWTO}},
	url = {https://dwheeler.com/secure-programs/Secure-Programs-HOWTO/},
	year = {2015},
	Bdsk-Url-1 = {https://dwheeler.com/secure-programs/Secure-Programs-HOWTO/validation-tools-regex.html}}
