@misc{rushe_2021,
  title   = {Cricsheet {M}atches},
  url     = {https://cricsheet.org/matches/},
  journal = {Cricsheet},
  author  = {Rushe, Stephen},
  year    = {2021},
  month   = {Dec}
}