@misc{kaspersky,
  title   = {Advanced Threat predictions for 2021},
  url     = {https://securelist.com/apt-predictions-for-2021/99387/},
  journal = {Securelist by Kaspersky},
  author  = {{Kaspersky Lab Global Research \& Analysis Team}}
}

@misc{panettieri,
  title   = {Sodinokibi Ransomware Attack Hits {MSP}, {New York Airport}},
  url     = {https://www.msspalert.com/cybersecurity-news/sodinokibi-hits-msp-new-york-airport/},
  journal = {MSSP Alert},
  author  = {Joe Panettieri},
  year    = {2020},
  month   = {Jan}
}

@misc{isaac_ostroff_hope_2020,
  title     = {Travelex Paid Hackers Multimillion-Dollar Ransom Before Hitting New Obstacles},
  url       = {https://www.wsj.com/articles/travelex-paid-hackers-multimillion-dollar-ransom-before-hitting-new-obstacles-11586440800},
  journal   = {The Wall Street Journal},
  publisher = {Dow Jones \& Company},
  author    = {Isaac, Anna and Ostroff, Caitlin and Hope, Bradley},
  year      = {2020},
  month     = {Apr}
}


@misc{nocturnus,
  title   = {REvil/Sodinokibi: The Crown Prince of Ransomware},
  url     = {https://www.cybereason.com/blog/the-sodinokibi-ransomware-attack},
  journal = {Cybereason},
  author  = {Nocturnus}
}

@misc{mitre,
  url     = {https://attack.mitre.org/},
  journal = {MITRE ATT\&CK},
  author  = {{Mitre Corporation}}
}

@article{thomson_niekerk_2012,
  title   = {Combating information security apathy by encouraging prosocial organisational behaviour},
  volume  = {20},
  doi     = {10.1108/09685221211219191},
  number  = {1},
  journal = {Information Management \& Computer Security},
  author  = {Thomson, K. and Niekerk, J. Van},
  year    = {2012},
  pages   = {39–46}
}

@article{saxena_soni_2018,
  title   = {Strategies for Ransomware Removal and Prevention},
  doi     = {10.1109/aeeicb.2018.8480941},
  journal = {2018 Fourth International Conference on Advances in Electrical, Electronics, Information, Communication and Bio-Informatics (AEEICB)},
  author  = {Saxena, Smruti and Soni, Hemant Kumar},
  year    = {2018}
}

@misc{jgamblin,
  title   = {jgamblin/Mirai-Source-Code},
  url     = {https://github.com/jgamblin/Mirai-Source-Code},
  journal = {GitHub},
  author  = {jgamblin}
}

 @misc{kharpal_2015,
  title     = {Hack attack leaves 1,400 airline passengers grounded},
  url       = {https://www.cnbc.com/2015/06/22/hack-attack-leaves-1400-passengers-of-polish-airline-lot-grounded.html},
  journal   = {CNBC},
  publisher = {CNBC},
  author    = {Kharpal, Arjun},
  year      = {2015},
  month     = {Jun}
}

 @article{lykou_anagnostopoulou_gritzalis_2018,
  title   = {Smart Airport Cybersecurity: Threat Mitigation and Cyber Resilience Controls},
  volume  = {19},
  doi     = {10.3390/s19010019},
  number  = {1},
  journal = {Sensors},
  author  = {Lykou, Georgia and Anagnostopoulou, Argiro and Gritzalis, Dimitris},
  year    = {2018},
  pages   = {19}
}

 @article{wood_stankovic_2002,
  title   = {Denial of service in sensor networks},
  volume  = {35},
  doi     = {10.1109/mc.2002.1039518},
  number  = {10},
  journal = {Computer},
  author  = {Wood, A.D. and Stankovic, J.A.},
  year    = {2002},
  pages   = {54–62}
} 

@article{mafify,
  title   = {Protection against Denial of Service in Automation Systems},
  volume  = {106},
  doi     = {10.5120/18704-9595},
  number  = {18},
  journal = {International Journal of Computer Applications},
  author  = {M. Afify, Farag and M. Kelash, Hamdy and S. Faragallah, Osama and S. Tolba, Maha and S. El-Sayed, Hala},
  year    = {2014},
  pages   = {11–18}
}

 @misc{toi,
  title   = {Screens at Iran airport said hacked with anti-regime messages},
  url     = {https://www.timesofisrael.com/screens-at-iran-airport-said-hacked-with-anti-regime-messages/},
  journal = {The Times of Israel},
  author  = {Time of Israel Staff},
  year    = {2018},
  month   = {May}
} 